@inproceedings{moustafa2015unsw,
  title={UNSW-NB15: a comprehensive data set for network intrusion detection systems (UNSW-NB15 network data set)},
  author={Moustafa, Nour and Slay, Jill},
  booktitle={2015 military communications and information systems conference (MilCIS)},
  pages={1--6},
  year={2015},
  organization={IEEE}
}

@article{moustafa2016evaluation,
  title={The evaluation of Network Anomaly Detection Systems: Statistical analysis of the UNSW-NB15 data set and the comparison with the KDD99 data set},
  author={Moustafa, Nour and Slay, Jill},
  journal={Information Security Journal: A Global Perspective},
  volume={25},
  number={1-3},
  pages={18--31},
  year={2016},
  publisher={Taylor \& Francis}
}

@misc{unsw2015nb15,
  title={UNSW-NB15 Dataset},
  author={{University of New South Wales (UNSW)}},
  year={2015},
  url={https://research.unsw.edu.au/projects/unsw-nb15-dataset},
  note={Accessed: 2025-08-04}
}

@article{zoghi2021unsw,
  title={UNSW-NB15 Computer Security Dataset: Analysis through Visualization},
  year={2021},
  author={Zoghi, Z and Serpen, G},
  journal={arXiv preprint arXiv:2101.05067}
}

@misc{ttl,
  author={{Imperva}},
  title={Time to Live (TTL)},
  year={n.d.},
  url={https://www.imperva.com/learn/performance/time-to-live-ttl/},
  note={Accessed: 2025-08-05}
}

@misc{hyndman2013transformations,
  author={Hyndman, Rob J.},
  title={Transforming data with zeros},
  year={2013},
  url={https://robjhyndman.com/hyndsight/transformations/},
  note={Accessed: 2025-08-05}
}


